@online{nist-selected-algorithms,
	url={https://csrc.nist.gov/Projects/post-quantum-cryptography/selected-algorithms-2022}
}

@online{bsi-quantensicher-gestalten,
	url={https://www.bsi.bund.de/SharedDocs/Downloads/DE/BSI/Publikationen/Broschueren/Kryptografie-quantensicher-gestalten.pdf}
}